%YAML 1.1
%TAG !u! tag:unity3d.com,2011:
--- !u!1 &8617100370416293791
GameObject:
  m_ObjectHideFlags: 0
  m_CorrespondingSourceObject: {fileID: 0}
  m_PrefabInstance: {fileID: 0}
  m_PrefabAsset: {fileID: 0}
  serializedVersion: 6
  m_Component:
  - component: {fileID: 8997567039870373157}
  - component: {fileID: 5436438591476826752}
  - component: {fileID: 7824700138313709130}
  m_Layer: 0
  m_Name: CuttingBoard
  m_TagString: Untagged
  m_Icon: {fileID: 0}
  m_NavMeshLayer: 0
  m_StaticEditorFlags: 0
  m_IsActive: 1
--- !u!4 &8997567039870373157
Transform:
  m_ObjectHideFlags: 0
  m_CorrespondingSourceObject: {fileID: 0}
  m_PrefabInstance: {fileID: 0}
  m_PrefabAsset: {fileID: 0}
  m_GameObject: {fileID: 8617100370416293791}
  m_LocalRotation: {x: -0.7010574, y: -0.09229599, z: -0.09229599, w: 0.7010574}
  m_LocalPosition: {x: 0.125, y: 1.364, z: 2.178}
  m_LocalScale: {x: 1, y: 1, z: 1}
  m_Children:
  - {fileID: 8887711959844339886}
  m_Father: {fileID: 8887711960594663570}
  m_RootOrder: 5
  m_LocalEulerAnglesHint: {x: -90, y: -15, z: 0}
--- !u!33 &5436438591476826752
MeshFilter:
  m_ObjectHideFlags: 0
  m_CorrespondingSourceObject: {fileID: 0}
  m_PrefabInstance: {fileID: 0}
  m_PrefabAsset: {fileID: 0}
  m_GameObject: {fileID: 8617100370416293791}
  m_Mesh: {fileID: -748673254190514392, guid: 91264c3f6cd9d9d40898ed4bcb3bb107, type: 3}
--- !u!23 &7824700138313709130
MeshRenderer:
  m_ObjectHideFlags: 0
  m_CorrespondingSourceObject: {fileID: 0}
  m_PrefabInstance: {fileID: 0}
  m_PrefabAsset: {fileID: 0}
  m_GameObject: {fileID: 8617100370416293791}
  m_Enabled: 1
  m_CastShadows: 0
  m_ReceiveShadows: 1
  m_DynamicOccludee: 1
  m_MotionVectors: 1
  m_LightProbeUsage: 1
  m_ReflectionProbeUsage: 1
  m_RayTracingMode: 2
  m_RayTraceProcedural: 0
  m_RenderingLayerMask: 1
  m_RendererPriority: 0
  m_Materials:
  - {fileID: 2100000, guid: d797301c9414602438c4f8fdd3aa00b5, type: 2}
  - {fileID: 2100000, guid: 9134baacb68fc6049a7ca4bd3ef8c0e8, type: 2}
  m_StaticBatchInfo:
    firstSubMesh: 0
    subMeshCount: 0
  m_StaticBatchRoot: {fileID: 0}
  m_ProbeAnchor: {fileID: 0}
  m_LightProbeVolumeOverride: {fileID: 0}
  m_ScaleInLightmap: 1
  m_ReceiveGI: 1
  m_PreserveUVs: 0
  m_IgnoreNormalsForChartDetection: 0
  m_ImportantGI: 0
  m_StitchLightmapSeams: 1
  m_SelectedEditorRenderState: 3
  m_MinimumChartSize: 4
  m_AutoUVMaxDistance: 0.5
  m_AutoUVMaxAngle: 89
  m_LightmapParameters: {fileID: 0}
  m_SortingLayerID: 0
  m_SortingLayer: 0
  m_SortingOrder: 0
  m_AdditionalVertexStreams: {fileID: 0}
--- !u!1 &8887711959010505896
GameObject:
  m_ObjectHideFlags: 0
  m_CorrespondingSourceObject: {fileID: 0}
  m_PrefabInstance: {fileID: 0}
  m_PrefabAsset: {fileID: 0}
  serializedVersion: 6
  m_Component:
  - component: {fileID: 8887711959010505911}
  - component: {fileID: 8887711959010505908}
  - component: {fileID: 8887711959010505909}
  - component: {fileID: 8887711959010505910}
  m_Layer: 0
  m_Name: Cube
  m_TagString: Untagged
  m_Icon: {fileID: 0}
  m_NavMeshLayer: 0
  m_StaticEditorFlags: 0
  m_IsActive: 1
--- !u!4 &8887711959010505911
Transform:
  m_ObjectHideFlags: 0
  m_CorrespondingSourceObject: {fileID: 0}
  m_PrefabInstance: {fileID: 0}
  m_PrefabAsset: {fileID: 0}
  m_GameObject: {fileID: 8887711959010505896}
  m_LocalRotation: {x: 0, y: 0, z: 0, w: 1}
  m_LocalPosition: {x: 0, y: -0.3, z: 4}
  m_LocalScale: {x: 7, y: 5, z: 1}
  m_Children: []
  m_Father: {fileID: 8887711959237058150}
  m_RootOrder: 0
  m_LocalEulerAnglesHint: {x: 0, y: 0, z: 0}
--- !u!33 &8887711959010505908
MeshFilter:
  m_ObjectHideFlags: 0
  m_CorrespondingSourceObject: {fileID: 0}
  m_PrefabInstance: {fileID: 0}
  m_PrefabAsset: {fileID: 0}
  m_GameObject: {fileID: 8887711959010505896}
  m_Mesh: {fileID: 10202, guid: 0000000000000000e000000000000000, type: 0}
--- !u!23 &8887711959010505909
MeshRenderer:
  m_ObjectHideFlags: 0
  m_CorrespondingSourceObject: {fileID: 0}
  m_PrefabInstance: {fileID: 0}
  m_PrefabAsset: {fileID: 0}
  m_GameObject: {fileID: 8887711959010505896}
  m_Enabled: 1
  m_CastShadows: 1
  m_ReceiveShadows: 1
  m_DynamicOccludee: 1
  m_MotionVectors: 1
  m_LightProbeUsage: 1
  m_ReflectionProbeUsage: 1
  m_RayTracingMode: 2
  m_RayTraceProcedural: 0
  m_RenderingLayerMask: 1
  m_RendererPriority: 0
  m_Materials:
  - {fileID: 2100000, guid: a9939464c51a2da41b113f9f96662247, type: 2}
  m_StaticBatchInfo:
    firstSubMesh: 0
    subMeshCount: 0
  m_StaticBatchRoot: {fileID: 0}
  m_ProbeAnchor: {fileID: 0}
  m_LightProbeVolumeOverride: {fileID: 0}
  m_ScaleInLightmap: 1
  m_ReceiveGI: 1
  m_PreserveUVs: 0
  m_IgnoreNormalsForChartDetection: 0
  m_ImportantGI: 0
  m_StitchLightmapSeams: 1
  m_SelectedEditorRenderState: 3
  m_MinimumChartSize: 4
  m_AutoUVMaxDistance: 0.5
  m_AutoUVMaxAngle: 89
  m_LightmapParameters: {fileID: 0}
  m_SortingLayerID: 0
  m_SortingLayer: 0
  m_SortingOrder: 0
  m_AdditionalVertexStreams: {fileID: 0}
--- !u!65 &8887711959010505910
BoxCollider:
  m_ObjectHideFlags: 0
  m_CorrespondingSourceObject: {fileID: 0}
  m_PrefabInstance: {fileID: 0}
  m_PrefabAsset: {fileID: 0}
  m_GameObject: {fileID: 8887711959010505896}
  m_Material: {fileID: 0}
  m_IsTrigger: 0
  m_Enabled: 1
  serializedVersion: 2
  m_Size: {x: 1, y: 1, z: 1}
  m_Center: {x: 0, y: 0, z: 0}
--- !u!1 &8887711959072399895
GameObject:
  m_ObjectHideFlags: 0
  m_CorrespondingSourceObject: {fileID: 0}
  m_PrefabInstance: {fileID: 0}
  m_PrefabAsset: {fileID: 0}
  serializedVersion: 6
  m_Component:
  - component: {fileID: 8887711959072399893}
  - component: {fileID: 8887711959072399894}
  m_Layer: 0
  m_Name: Spot Light (1)
  m_TagString: Untagged
  m_Icon: {fileID: 0}
  m_NavMeshLayer: 0
  m_StaticEditorFlags: 0
  m_IsActive: 1
--- !u!4 &8887711959072399893
Transform:
  m_ObjectHideFlags: 0
  m_CorrespondingSourceObject: {fileID: 0}
  m_PrefabInstance: {fileID: 0}
  m_PrefabAsset: {fileID: 0}
  m_GameObject: {fileID: 8887711959072399895}
  m_LocalRotation: {x: 0.7071068, y: -0, z: -0, w: 0.7071068}
  m_LocalPosition: {x: -0.5, y: 4.69, z: 1.53}
  m_LocalScale: {x: 1, y: 1, z: 1}
  m_Children: []
  m_Father: {fileID: 8887711960594663570}
  m_RootOrder: 1
  m_LocalEulerAnglesHint: {x: 90, y: 0, z: 0}
--- !u!108 &8887711959072399894
Light:
  m_ObjectHideFlags: 0
  m_CorrespondingSourceObject: {fileID: 0}
  m_PrefabInstance: {fileID: 0}
  m_PrefabAsset: {fileID: 0}
  m_GameObject: {fileID: 8887711959072399895}
  m_Enabled: 1
  serializedVersion: 10
  m_Type: 2
  m_Shape: 0
  m_Color: {r: 0.8666667, g: 0.9427802, b: 0.9607843, a: 1}
  m_Intensity: 10
  m_Range: 35
  m_SpotAngle: 82.60933
  m_InnerSpotAngle: 81.32617
  m_CookieSize: 10
  m_Shadows:
    m_Type: 2
    m_Resolution: -1
    m_CustomResolution: -1
    m_Strength: 1
    m_Bias: 0.05
    m_NormalBias: 0.4
    m_NearPlane: 0.2
    m_CullingMatrixOverride:
      e00: 1
      e01: 0
      e02: 0
      e03: 0
      e10: 0
      e11: 1
      e12: 0
      e13: 0
      e20: 0
      e21: 0
      e22: 1
      e23: 0
      e30: 0
      e31: 0
      e32: 0
      e33: 1
    m_UseCullingMatrixOverride: 0
  m_Cookie: {fileID: 0}
  m_DrawHalo: 0
  m_Flare: {fileID: 0}
  m_RenderMode: 0
  m_CullingMask:
    serializedVersion: 2
    m_Bits: 4294967295
  m_RenderingLayerMask: 1
  m_Lightmapping: 1
  m_LightShadowCasterMode: 0
  m_AreaSize: {x: 1, y: 1}
  m_BounceIntensity: 1
  m_ColorTemperature: 6570
  m_UseColorTemperature: 0
  m_BoundingSphereOverride: {x: 0, y: 0, z: 0, w: 0}
  m_UseBoundingSphereOverride: 0
  m_UseViewFrustumForShadowCasterCull: 1
  m_ShadowRadius: 0
  m_ShadowAngle: 0
--- !u!1 &8887711959237058151
GameObject:
  m_ObjectHideFlags: 0
  m_CorrespondingSourceObject: {fileID: 0}
  m_PrefabInstance: {fileID: 0}
  m_PrefabAsset: {fileID: 0}
  serializedVersion: 6
  m_Component:
  - component: {fileID: 8887711959237058150}
  m_Layer: 0
  m_Name: Walls
  m_TagString: Untagged
  m_Icon: {fileID: 0}
  m_NavMeshLayer: 0
  m_StaticEditorFlags: 0
  m_IsActive: 1
--- !u!4 &8887711959237058150
Transform:
  m_ObjectHideFlags: 0
  m_CorrespondingSourceObject: {fileID: 0}
  m_PrefabInstance: {fileID: 0}
  m_PrefabAsset: {fileID: 0}
  m_GameObject: {fileID: 8887711959237058151}
  m_LocalRotation: {x: -0, y: -0, z: -0, w: 1}
  m_LocalPosition: {x: -1.6176745, y: 3.255875, z: 2.6659431}
  m_LocalScale: {x: 1, y: 1, z: 1}
  m_Children:
  - {fileID: 8887711959010505911}
  - {fileID: 8887711961019102029}
  - {fileID: 8887711959275596853}
  - {fileID: 8887711960027139718}
  - {fileID: 8887711960360414899}
  - {fileID: 8887711959723365135}
  m_Father: {fileID: 8887711960594663570}
  m_RootOrder: 4
  m_LocalEulerAnglesHint: {x: 0, y: 0, z: 0}
--- !u!1 &8887711959275596854
GameObject:
  m_ObjectHideFlags: 0
  m_CorrespondingSourceObject: {fileID: 0}
  m_PrefabInstance: {fileID: 0}
  m_PrefabAsset: {fileID: 0}
  serializedVersion: 6
  m_Component:
  - component: {fileID: 8887711959275596853}
  - component: {fileID: 8887711959275596850}
  - component: {fileID: 8887711959275596851}
  - component: {fileID: 8887711959275596852}
  m_Layer: 0
  m_Name: Cube (2)
  m_TagString: Untagged
  m_Icon: {fileID: 0}
  m_NavMeshLayer: 0
  m_StaticEditorFlags: 0
  m_IsActive: 1
--- !u!4 &8887711959275596853
Transform:
  m_ObjectHideFlags: 0
  m_CorrespondingSourceObject: {fileID: 0}
  m_PrefabInstance: {fileID: 0}
  m_PrefabAsset: {fileID: 0}
  m_GameObject: {fileID: 8887711959275596854}
  m_LocalRotation: {x: 0, y: 0, z: 0, w: 1}
  m_LocalPosition: {x: 7, y: -0.3, z: 4}
  m_LocalScale: {x: 7, y: 5, z: 1}
  m_Children: []
  m_Father: {fileID: 8887711959237058150}
  m_RootOrder: 2
  m_LocalEulerAnglesHint: {x: 0, y: 0, z: 0}
--- !u!33 &8887711959275596850
MeshFilter:
  m_ObjectHideFlags: 0
  m_CorrespondingSourceObject: {fileID: 0}
  m_PrefabInstance: {fileID: 0}
  m_PrefabAsset: {fileID: 0}
  m_GameObject: {fileID: 8887711959275596854}
  m_Mesh: {fileID: 10202, guid: 0000000000000000e000000000000000, type: 0}
--- !u!23 &8887711959275596851
MeshRenderer:
  m_ObjectHideFlags: 0
  m_CorrespondingSourceObject: {fileID: 0}
  m_PrefabInstance: {fileID: 0}
  m_PrefabAsset: {fileID: 0}
  m_GameObject: {fileID: 8887711959275596854}
  m_Enabled: 1
  m_CastShadows: 1
  m_ReceiveShadows: 1
  m_DynamicOccludee: 1
  m_MotionVectors: 1
  m_LightProbeUsage: 1
  m_ReflectionProbeUsage: 1
  m_RayTracingMode: 2
  m_RayTraceProcedural: 0
  m_RenderingLayerMask: 1
  m_RendererPriority: 0
  m_Materials:
  - {fileID: 2100000, guid: a9939464c51a2da41b113f9f96662247, type: 2}
  m_StaticBatchInfo:
    firstSubMesh: 0
    subMeshCount: 0
  m_StaticBatchRoot: {fileID: 0}
  m_ProbeAnchor: {fileID: 0}
  m_LightProbeVolumeOverride: {fileID: 0}
  m_ScaleInLightmap: 1
  m_ReceiveGI: 1
  m_PreserveUVs: 0
  m_IgnoreNormalsForChartDetection: 0
  m_ImportantGI: 0
  m_StitchLightmapSeams: 1
  m_SelectedEditorRenderState: 3
  m_MinimumChartSize: 4
  m_AutoUVMaxDistance: 0.5
  m_AutoUVMaxAngle: 89
  m_LightmapParameters: {fileID: 0}
  m_SortingLayerID: 0
  m_SortingLayer: 0
  m_SortingOrder: 0
  m_AdditionalVertexStreams: {fileID: 0}
--- !u!65 &8887711959275596852
BoxCollider:
  m_ObjectHideFlags: 0
  m_CorrespondingSourceObject: {fileID: 0}
  m_PrefabInstance: {fileID: 0}
  m_PrefabAsset: {fileID: 0}
  m_GameObject: {fileID: 8887711959275596854}
  m_Material: {fileID: 0}
  m_IsTrigger: 0
  m_Enabled: 1
  serializedVersion: 2
  m_Size: {x: 1, y: 1, z: 1}
  m_Center: {x: 0, y: 0, z: 0}
--- !u!1 &8887711959645979555
GameObject:
  m_ObjectHideFlags: 0
  m_CorrespondingSourceObject: {fileID: 0}
  m_PrefabInstance: {fileID: 0}
  m_PrefabAsset: {fileID: 0}
  serializedVersion: 6
  m_Component:
  - component: {fileID: 8887711959645979553}
  - component: {fileID: 8887711959645979554}
  m_Layer: 0
  m_Name: Spot Light
  m_TagString: Untagged
  m_Icon: {fileID: 0}
  m_NavMeshLayer: 0
  m_StaticEditorFlags: 0
  m_IsActive: 1
--- !u!4 &8887711959645979553
Transform:
  m_ObjectHideFlags: 0
  m_CorrespondingSourceObject: {fileID: 0}
  m_PrefabInstance: {fileID: 0}
  m_PrefabAsset: {fileID: 0}
  m_GameObject: {fileID: 8887711959645979555}
  m_LocalRotation: {x: 0.7071068, y: -0, z: -0, w: 0.7071068}
  m_LocalPosition: {x: 4.641, y: 4.69, z: 1.97}
  m_LocalScale: {x: 1, y: 1, z: 1}
  m_Children: []
  m_Father: {fileID: 8887711960594663570}
  m_RootOrder: 0
  m_LocalEulerAnglesHint: {x: 90, y: 0, z: 0}
--- !u!108 &8887711959645979554
Light:
  m_ObjectHideFlags: 0
  m_CorrespondingSourceObject: {fileID: 0}
  m_PrefabInstance: {fileID: 0}
  m_PrefabAsset: {fileID: 0}
  m_GameObject: {fileID: 8887711959645979555}
  m_Enabled: 1
  serializedVersion: 10
  m_Type: 2
  m_Shape: 0
  m_Color: {r: 0.8666667, g: 0.9427802, b: 0.9607843, a: 1}
  m_Intensity: 10
  m_Range: 35
  m_SpotAngle: 82.60933
  m_InnerSpotAngle: 81.32617
  m_CookieSize: 10
  m_Shadows:
    m_Type: 2
    m_Resolution: -1
    m_CustomResolution: -1
    m_Strength: 1
    m_Bias: 0.05
    m_NormalBias: 0.4
    m_NearPlane: 0.2
    m_CullingMatrixOverride:
      e00: 1
      e01: 0
      e02: 0
      e03: 0
      e10: 0
      e11: 1
      e12: 0
      e13: 0
      e20: 0
      e21: 0
      e22: 1
      e23: 0
      e30: 0
      e31: 0
      e32: 0
      e33: 1
    m_UseCullingMatrixOverride: 0
  m_Cookie: {fileID: 0}
  m_DrawHalo: 0
  m_Flare: {fileID: 0}
  m_RenderMode: 0
  m_CullingMask:
    serializedVersion: 2
    m_Bits: 4294967295
  m_RenderingLayerMask: 1
  m_Lightmapping: 1
  m_LightShadowCasterMode: 0
  m_AreaSize: {x: 1, y: 1}
  m_BounceIntensity: 1
  m_ColorTemperature: 6570
  m_UseColorTemperature: 0
  m_BoundingSphereOverride: {x: 0, y: 0, z: 0, w: 0}
  m_UseBoundingSphereOverride: 0
  m_UseViewFrustumForShadowCasterCull: 1
  m_ShadowRadius: 0
  m_ShadowAngle: 0
--- !u!1 &8887711959704034199
GameObject:
  m_ObjectHideFlags: 0
  m_CorrespondingSourceObject: {fileID: 0}
  m_PrefabInstance: {fileID: 0}
  m_PrefabAsset: {fileID: 0}
  serializedVersion: 6
  m_Component:
  - component: {fileID: 8887711959704034198}
  - component: {fileID: 8887711959704034195}
  - component: {fileID: 8887711959704034196}
  m_Layer: 0
  m_Name: Floor
  m_TagString: Untagged
  m_Icon: {fileID: 0}
  m_NavMeshLayer: 0
  m_StaticEditorFlags: 0
  m_IsActive: 1
--- !u!4 &8887711959704034198
Transform:
  m_ObjectHideFlags: 0
  m_CorrespondingSourceObject: {fileID: 0}
  m_PrefabInstance: {fileID: 0}
  m_PrefabAsset: {fileID: 0}
  m_GameObject: {fileID: 8887711959704034199}
  m_LocalRotation: {x: 0, y: 0, z: 0, w: 1}
  m_LocalPosition: {x: 0, y: 0, z: 0}
  m_LocalScale: {x: 25, y: 1, z: 30}
  m_Children: []
  m_Father: {fileID: 8887711960594663570}
  m_RootOrder: 2
  m_LocalEulerAnglesHint: {x: 0, y: 0, z: 0}
--- !u!33 &8887711959704034195
MeshFilter:
  m_ObjectHideFlags: 0
  m_CorrespondingSourceObject: {fileID: 0}
  m_PrefabInstance: {fileID: 0}
  m_PrefabAsset: {fileID: 0}
  m_GameObject: {fileID: 8887711959704034199}
  m_Mesh: {fileID: 10202, guid: 0000000000000000e000000000000000, type: 0}
--- !u!23 &8887711959704034196
MeshRenderer:
  m_ObjectHideFlags: 0
  m_CorrespondingSourceObject: {fileID: 0}
  m_PrefabInstance: {fileID: 0}
  m_PrefabAsset: {fileID: 0}
  m_GameObject: {fileID: 8887711959704034199}
  m_Enabled: 1
  m_CastShadows: 1
  m_ReceiveShadows: 1
  m_DynamicOccludee: 1
  m_MotionVectors: 1
  m_LightProbeUsage: 1
  m_ReflectionProbeUsage: 1
  m_RayTracingMode: 2
  m_RayTraceProcedural: 0
  m_RenderingLayerMask: 1
  m_RendererPriority: 0
  m_Materials:
  - {fileID: 2100000, guid: d797301c9414602438c4f8fdd3aa00b5, type: 2}
  m_StaticBatchInfo:
    firstSubMesh: 0
    subMeshCount: 0
  m_StaticBatchRoot: {fileID: 0}
  m_ProbeAnchor: {fileID: 0}
  m_LightProbeVolumeOverride: {fileID: 0}
  m_ScaleInLightmap: 1
  m_ReceiveGI: 1
  m_PreserveUVs: 0
  m_IgnoreNormalsForChartDetection: 0
  m_ImportantGI: 0
  m_StitchLightmapSeams: 1
  m_SelectedEditorRenderState: 3
  m_MinimumChartSize: 4
  m_AutoUVMaxDistance: 0.5
  m_AutoUVMaxAngle: 89
  m_LightmapParameters: {fileID: 0}
  m_SortingLayerID: 0
  m_SortingLayer: 0
  m_SortingOrder: 0
  m_AdditionalVertexStreams: {fileID: 0}
--- !u!1 &8887711959723365120
GameObject:
  m_ObjectHideFlags: 0
  m_CorrespondingSourceObject: {fileID: 0}
  m_PrefabInstance: {fileID: 0}
  m_PrefabAsset: {fileID: 0}
  serializedVersion: 6
  m_Component:
  - component: {fileID: 8887711959723365135}
  - component: {fileID: 8887711959723365132}
  - component: {fileID: 8887711959723365133}
  - component: {fileID: 8887711959723365134}
  m_Layer: 0
  m_Name: Cube (5)
  m_TagString: Untagged
  m_Icon: {fileID: 0}
  m_NavMeshLayer: 0
  m_StaticEditorFlags: 0
  m_IsActive: 1
--- !u!4 &8887711959723365135
Transform:
  m_ObjectHideFlags: 0
  m_CorrespondingSourceObject: {fileID: 0}
  m_PrefabInstance: {fileID: 0}
  m_PrefabAsset: {fileID: 0}
  m_GameObject: {fileID: 8887711959723365120}
  m_LocalRotation: {x: 0.7071068, y: 0, z: 0, w: 0.7071068}
  m_LocalPosition: {x: 2, y: 1.7199998, z: 0.75}
  m_LocalScale: {x: 20, y: 15, z: 1}
  m_Children: []
  m_Father: {fileID: 8887711959237058150}
  m_RootOrder: 5
  m_LocalEulerAnglesHint: {x: 90, y: 0, z: 0}
--- !u!33 &8887711959723365132
MeshFilter:
  m_ObjectHideFlags: 0
  m_CorrespondingSourceObject: {fileID: 0}
  m_PrefabInstance: {fileID: 0}
  m_PrefabAsset: {fileID: 0}
  m_GameObject: {fileID: 8887711959723365120}
  m_Mesh: {fileID: 10202, guid: 0000000000000000e000000000000000, type: 0}
--- !u!23 &8887711959723365133
MeshRenderer:
  m_ObjectHideFlags: 0
  m_CorrespondingSourceObject: {fileID: 0}
  m_PrefabInstance: {fileID: 0}
  m_PrefabAsset: {fileID: 0}
  m_GameObject: {fileID: 8887711959723365120}
  m_Enabled: 1
  m_CastShadows: 1
  m_ReceiveShadows: 1
  m_DynamicOccludee: 1
  m_MotionVectors: 1
  m_LightProbeUsage: 1
  m_ReflectionProbeUsage: 1
  m_RayTracingMode: 2
  m_RayTraceProcedural: 0
  m_RenderingLayerMask: 1
  m_RendererPriority: 0
  m_Materials:
  - {fileID: 2100000, guid: a9939464c51a2da41b113f9f96662247, type: 2}
  m_StaticBatchInfo:
    firstSubMesh: 0
    subMeshCount: 0
  m_StaticBatchRoot: {fileID: 0}
  m_ProbeAnchor: {fileID: 0}
  m_LightProbeVolumeOverride: {fileID: 0}
  m_ScaleInLightmap: 1
  m_ReceiveGI: 1
  m_PreserveUVs: 0
  m_IgnoreNormalsForChartDetection: 0
  m_ImportantGI: 0
  m_StitchLightmapSeams: 1
  m_SelectedEditorRenderState: 3
  m_MinimumChartSize: 4
  m_AutoUVMaxDistance: 0.5
  m_AutoUVMaxAngle: 89
  m_LightmapParameters: {fileID: 0}
  m_SortingLayerID: 0
  m_SortingLayer: 0
  m_SortingOrder: 0
  m_AdditionalVertexStreams: {fileID: 0}
--- !u!65 &8887711959723365134
BoxCollider:
  m_ObjectHideFlags: 0
  m_CorrespondingSourceObject: {fileID: 0}
  m_PrefabInstance: {fileID: 0}
  m_PrefabAsset: {fileID: 0}
  m_GameObject: {fileID: 8887711959723365120}
  m_Material: {fileID: 0}
  m_IsTrigger: 0
  m_Enabled: 1
  serializedVersion: 2
  m_Size: {x: 1, y: 1, z: 1}
  m_Center: {x: 0, y: 0, z: 0}
--- !u!1 &8887711959844339873
GameObject:
  m_ObjectHideFlags: 0
  m_CorrespondingSourceObject: {fileID: 0}
  m_PrefabInstance: {fileID: 0}
  m_PrefabAsset: {fileID: 0}
  serializedVersion: 6
  m_Component:
  - component: {fileID: 8887711959844339886}
  - component: {fileID: 8887711959844339887}
  - component: {fileID: 8887711959844339872}
  m_Layer: 0
  m_Name: New Text
  m_TagString: Untagged
  m_Icon: {fileID: 0}
  m_NavMeshLayer: 0
  m_StaticEditorFlags: 0
  m_IsActive: 1
--- !u!4 &8887711959844339886
Transform:
  m_ObjectHideFlags: 0
  m_CorrespondingSourceObject: {fileID: 0}
  m_PrefabInstance: {fileID: 0}
  m_PrefabAsset: {fileID: 0}
  m_GameObject: {fileID: 8887711959844339873}
  m_LocalRotation: {x: 1, y: 0, z: 0, w: 0}
  m_LocalPosition: {x: -0.088, y: 0.122, z: 0}
  m_LocalScale: {x: 1, y: 1, z: 1}
  m_Children: []
  m_Father: {fileID: 8997567039870373157}
  m_RootOrder: 0
  m_LocalEulerAnglesHint: {x: 0, y: 180, z: 180}
--- !u!23 &8887711959844339887
MeshRenderer:
  m_ObjectHideFlags: 0
  m_CorrespondingSourceObject: {fileID: 0}
  m_PrefabInstance: {fileID: 0}
  m_PrefabAsset: {fileID: 0}
  m_GameObject: {fileID: 8887711959844339873}
  m_Enabled: 1
  m_CastShadows: 0
  m_ReceiveShadows: 1
  m_DynamicOccludee: 1
  m_MotionVectors: 1
  m_LightProbeUsage: 1
  m_ReflectionProbeUsage: 1
  m_RayTracingMode: 2
  m_RayTraceProcedural: 0
  m_RenderingLayerMask: 1
  m_RendererPriority: 0
  m_Materials:
  - {fileID: 2100000, guid: f7045eda62973c9499e0a36efd6d2d6f, type: 3}
  m_StaticBatchInfo:
    firstSubMesh: 0
    subMeshCount: 0
  m_StaticBatchRoot: {fileID: 0}
  m_ProbeAnchor: {fileID: 0}
  m_LightProbeVolumeOverride: {fileID: 0}
  m_ScaleInLightmap: 1
  m_ReceiveGI: 1
  m_PreserveUVs: 0
  m_IgnoreNormalsForChartDetection: 0
  m_ImportantGI: 0
  m_StitchLightmapSeams: 1
  m_SelectedEditorRenderState: 3
  m_MinimumChartSize: 4
  m_AutoUVMaxDistance: 0.5
  m_AutoUVMaxAngle: 89
  m_LightmapParameters: {fileID: 0}
  m_SortingLayerID: 0
  m_SortingLayer: 0
  m_SortingOrder: 0
  m_AdditionalVertexStreams: {fileID: 0}
--- !u!102 &8887711959844339872
TextMesh:
  serializedVersion: 3
  m_ObjectHideFlags: 0
  m_CorrespondingSourceObject: {fileID: 0}
  m_PrefabInstance: {fileID: 0}
  m_PrefabAsset: {fileID: 0}
  m_GameObject: {fileID: 8887711959844339873}
  m_Text: "\u041C\u042F\u0421\u041E"
  m_OffsetZ: 0
  m_CharacterSize: 0.01
  m_LineSpacing: 0
  m_Anchor: 4
  m_Alignment: 1
  m_TabSize: 1
  m_FontSize: 70
  m_FontStyle: 3
  m_RichText: 1
  m_Font: {fileID: 12800000, guid: f7045eda62973c9499e0a36efd6d2d6f, type: 3}
  m_Color:
    serializedVersion: 2
    rgba: 4280230434
--- !u!1 &8887711960027139719
GameObject:
  m_ObjectHideFlags: 0
  m_CorrespondingSourceObject: {fileID: 0}
  m_PrefabInstance: {fileID: 0}
  m_PrefabAsset: {fileID: 0}
  serializedVersion: 6
  m_Component:
  - component: {fileID: 8887711960027139718}
  - component: {fileID: 8887711960027139715}
  - component: {fileID: 8887711960027139716}
  - component: {fileID: 8887711960027139717}
  m_Layer: 0
  m_Name: Cube (3)
  m_TagString: Untagged
  m_Icon: {fileID: 0}
  m_NavMeshLayer: 0
  m_StaticEditorFlags: 0
  m_IsActive: 1
--- !u!4 &8887711960027139718
Transform:
  m_ObjectHideFlags: 0
  m_CorrespondingSourceObject: {fileID: 0}
  m_PrefabInstance: {fileID: 0}
  m_PrefabAsset: {fileID: 0}
  m_GameObject: {fileID: 8887711960027139719}
  m_LocalRotation: {x: 0, y: 0.7071068, z: 0, w: 0.7071068}
  m_LocalPosition: {x: 10, y: -0.3, z: 0}
  m_LocalScale: {x: 7, y: 5, z: 1}
  m_Children: []
  m_Father: {fileID: 8887711959237058150}
  m_RootOrder: 3
  m_LocalEulerAnglesHint: {x: 0, y: 90, z: 0}
--- !u!33 &8887711960027139715
MeshFilter:
  m_ObjectHideFlags: 0
  m_CorrespondingSourceObject: {fileID: 0}
  m_PrefabInstance: {fileID: 0}
  m_PrefabAsset: {fileID: 0}
  m_GameObject: {fileID: 8887711960027139719}
  m_Mesh: {fileID: 10202, guid: 0000000000000000e000000000000000, type: 0}
--- !u!23 &8887711960027139716
MeshRenderer:
  m_ObjectHideFlags: 0
  m_CorrespondingSourceObject: {fileID: 0}
  m_PrefabInstance: {fileID: 0}
  m_PrefabAsset: {fileID: 0}
  m_GameObject: {fileID: 8887711960027139719}
  m_Enabled: 1
  m_CastShadows: 1
  m_ReceiveShadows: 1
  m_DynamicOccludee: 1
  m_MotionVectors: 1
  m_LightProbeUsage: 1
  m_ReflectionProbeUsage: 1
  m_RayTracingMode: 2
  m_RayTraceProcedural: 0
  m_RenderingLayerMask: 1
  m_RendererPriority: 0
  m_Materials:
  - {fileID: 2100000, guid: a9939464c51a2da41b113f9f96662247, type: 2}
  m_StaticBatchInfo:
    firstSubMesh: 0
    subMeshCount: 0
  m_StaticBatchRoot: {fileID: 0}
  m_ProbeAnchor: {fileID: 0}
  m_LightProbeVolumeOverride: {fileID: 0}
  m_ScaleInLightmap: 1
  m_ReceiveGI: 1
  m_PreserveUVs: 0
  m_IgnoreNormalsForChartDetection: 0
  m_ImportantGI: 0
  m_StitchLightmapSeams: 1
  m_SelectedEditorRenderState: 3
  m_MinimumChartSize: 4
  m_AutoUVMaxDistance: 0.5
  m_AutoUVMaxAngle: 89
  m_LightmapParameters: {fileID: 0}
  m_SortingLayerID: 0
  m_SortingLayer: 0
  m_SortingOrder: 0
  m_AdditionalVertexStreams: {fileID: 0}
--- !u!65 &8887711960027139717
BoxCollider:
  m_ObjectHideFlags: 0
  m_CorrespondingSourceObject: {fileID: 0}
  m_PrefabInstance: {fileID: 0}
  m_PrefabAsset: {fileID: 0}
  m_GameObject: {fileID: 8887711960027139719}
  m_Material: {fileID: 0}
  m_IsTrigger: 0
  m_Enabled: 1
  serializedVersion: 2
  m_Size: {x: 1, y: 1, z: 1}
  m_Center: {x: 0, y: 0, z: 0}
--- !u!1 &8887711960133474488
GameObject:
  m_ObjectHideFlags: 0
  m_CorrespondingSourceObject: {fileID: 0}
  m_PrefabInstance: {fileID: 0}
  m_PrefabAsset: {fileID: 0}
  serializedVersion: 6
  m_Component:
  - component: {fileID: 8887711960133474375}
  m_Layer: 0
  m_Name: Tables
  m_TagString: Untagged
  m_Icon: {fileID: 0}
  m_NavMeshLayer: 0
  m_StaticEditorFlags: 0
  m_IsActive: 1
--- !u!4 &8887711960133474375
Transform:
  m_ObjectHideFlags: 0
  m_CorrespondingSourceObject: {fileID: 0}
  m_PrefabInstance: {fileID: 0}
  m_PrefabAsset: {fileID: 0}
  m_GameObject: {fileID: 8887711960133474488}
  m_LocalRotation: {x: -0, y: -0, z: -0, w: 1}
  m_LocalPosition: {x: -0.52946913, y: 2.909142, z: 4.541829}
  m_LocalScale: {x: 1, y: 1, z: 1}
  m_Children:
  - {fileID: 6817461479848106850}
  - {fileID: 4613442566234078130}
  - {fileID: 4613442567344946174}
  - {fileID: 4613442566115345297}
  - {fileID: 4613442566144534648}
  - {fileID: 4613442566162233944}
  - {fileID: 4613442566301058259}
  - {fileID: 4959118930367126606}
  - {fileID: 6661186485837648012}
  m_Father: {fileID: 8887711960594663570}
  m_RootOrder: 3
  m_LocalEulerAnglesHint: {x: 0, y: 0, z: 0}
--- !u!1 &8887711960360414900
GameObject:
  m_ObjectHideFlags: 0
  m_CorrespondingSourceObject: {fileID: 0}
  m_PrefabInstance: {fileID: 0}
  m_PrefabAsset: {fileID: 0}
  serializedVersion: 6
  m_Component:
  - component: {fileID: 8887711960360414899}
  - component: {fileID: 8887711960360414896}
  - component: {fileID: 8887711960360414897}
  - component: {fileID: 8887711960360414898}
  m_Layer: 0
  m_Name: Cube (4)
  m_TagString: Untagged
  m_Icon: {fileID: 0}
  m_NavMeshLayer: 0
  m_StaticEditorFlags: 0
  m_IsActive: 1
--- !u!4 &8887711960360414899
Transform:
  m_ObjectHideFlags: 0
  m_CorrespondingSourceObject: {fileID: 0}
  m_PrefabInstance: {fileID: 0}
  m_PrefabAsset: {fileID: 0}
  m_GameObject: {fileID: 8887711960360414900}
  m_LocalRotation: {x: 0, y: 0.7071068, z: 0, w: 0.7071068}
  m_LocalPosition: {x: -3.5100002, y: -0.3, z: -0.75}
  m_LocalScale: {x: 10, y: 5, z: 1}
  m_Children: []
  m_Father: {fileID: 8887711959237058150}
  m_RootOrder: 4
  m_LocalEulerAnglesHint: {x: 0, y: 90, z: 0}
--- !u!33 &8887711960360414896
MeshFilter:
  m_ObjectHideFlags: 0
  m_CorrespondingSourceObject: {fileID: 0}
  m_PrefabInstance: {fileID: 0}
  m_PrefabAsset: {fileID: 0}
  m_GameObject: {fileID: 8887711960360414900}
  m_Mesh: {fileID: 10202, guid: 0000000000000000e000000000000000, type: 0}
--- !u!23 &8887711960360414897
MeshRenderer:
  m_ObjectHideFlags: 0
  m_CorrespondingSourceObject: {fileID: 0}
  m_PrefabInstance: {fileID: 0}
  m_PrefabAsset: {fileID: 0}
  m_GameObject: {fileID: 8887711960360414900}
  m_Enabled: 1
  m_CastShadows: 1
  m_ReceiveShadows: 1
  m_DynamicOccludee: 1
  m_MotionVectors: 1
  m_LightProbeUsage: 1
  m_ReflectionProbeUsage: 1
  m_RayTracingMode: 2
  m_RayTraceProcedural: 0
  m_RenderingLayerMask: 1
  m_RendererPriority: 0
  m_Materials:
  - {fileID: 2100000, guid: a9939464c51a2da41b113f9f96662247, type: 2}
  m_StaticBatchInfo:
    firstSubMesh: 0
    subMeshCount: 0
  m_StaticBatchRoot: {fileID: 0}
  m_ProbeAnchor: {fileID: 0}
  m_LightProbeVolumeOverride: {fileID: 0}
  m_ScaleInLightmap: 1
  m_ReceiveGI: 1
  m_PreserveUVs: 0
  m_IgnoreNormalsForChartDetection: 0
  m_ImportantGI: 0
  m_StitchLightmapSeams: 1
  m_SelectedEditorRenderState: 3
  m_MinimumChartSize: 4
  m_AutoUVMaxDistance: 0.5
  m_AutoUVMaxAngle: 89
  m_LightmapParameters: {fileID: 0}
  m_SortingLayerID: 0
  m_SortingLayer: 0
  m_SortingOrder: 0
  m_AdditionalVertexStreams: {fileID: 0}
--- !u!65 &8887711960360414898
BoxCollider:
  m_ObjectHideFlags: 0
  m_CorrespondingSourceObject: {fileID: 0}
  m_PrefabInstance: {fileID: 0}
  m_PrefabAsset: {fileID: 0}
  m_GameObject: {fileID: 8887711960360414900}
  m_Material: {fileID: 0}
  m_IsTrigger: 0
  m_Enabled: 1
  serializedVersion: 2
  m_Size: {x: 1, y: 1, z: 1}
  m_Center: {x: 0, y: 0, z: 0}
--- !u!1 &8887711960594663571
GameObject:
  m_ObjectHideFlags: 0
  m_CorrespondingSourceObject: {fileID: 0}
  m_PrefabInstance: {fileID: 0}
  m_PrefabAsset: {fileID: 0}
  serializedVersion: 6
  m_Component:
  - component: {fileID: 8887711960594663570}
  m_Layer: 0
  m_Name: Room
  m_TagString: Untagged
  m_Icon: {fileID: 0}
  m_NavMeshLayer: 0
  m_StaticEditorFlags: 0
  m_IsActive: 1
--- !u!4 &8887711960594663570
Transform:
  m_ObjectHideFlags: 0
  m_CorrespondingSourceObject: {fileID: 0}
  m_PrefabInstance: {fileID: 0}
  m_PrefabAsset: {fileID: 0}
  m_GameObject: {fileID: 8887711960594663571}
  m_LocalRotation: {x: 0, y: 0, z: 0, w: 1}
  m_LocalPosition: {x: 0, y: 0, z: 0}
  m_LocalScale: {x: 1, y: 1, z: 1}
  m_Children:
  - {fileID: 8887711959645979553}
  - {fileID: 8887711959072399893}
  - {fileID: 8887711959704034198}
  - {fileID: 8887711960133474375}
  - {fileID: 8887711959237058150}
  - {fileID: 8997567039870373157}
  m_Father: {fileID: 0}
  m_RootOrder: 0
  m_LocalEulerAnglesHint: {x: 0, y: 0, z: 0}
--- !u!1 &8887711961019102030
GameObject:
  m_ObjectHideFlags: 0
  m_CorrespondingSourceObject: {fileID: 0}
  m_PrefabInstance: {fileID: 0}
  m_PrefabAsset: {fileID: 0}
  serializedVersion: 6
  m_Component:
  - component: {fileID: 8887711961019102029}
  - component: {fileID: 8887711961019102026}
  - component: {fileID: 8887711961019102027}
  - component: {fileID: 8887711961019102028}
  m_Layer: 0
  m_Name: Cube (1)
  m_TagString: Untagged
  m_Icon: {fileID: 0}
  m_NavMeshLayer: 0
  m_StaticEditorFlags: 0
  m_IsActive: 1
--- !u!4 &8887711961019102029
Transform:
  m_ObjectHideFlags: 0
  m_CorrespondingSourceObject: {fileID: 0}
  m_PrefabInstance: {fileID: 0}
  m_PrefabAsset: {fileID: 0}
  m_GameObject: {fileID: 8887711961019102030}
  m_LocalRotation: {x: 0, y: 0, z: 0, w: 1}
  m_LocalPosition: {x: 2, y: -0.28, z: -5}
  m_LocalScale: {x: 10, y: 5, z: 1}
  m_Children: []
  m_Father: {fileID: 8887711959237058150}
  m_RootOrder: 1
  m_LocalEulerAnglesHint: {x: 0, y: 0, z: 0}
--- !u!33 &8887711961019102026
MeshFilter:
  m_ObjectHideFlags: 0
  m_CorrespondingSourceObject: {fileID: 0}
  m_PrefabInstance: {fileID: 0}
  m_PrefabAsset: {fileID: 0}
  m_GameObject: {fileID: 8887711961019102030}
  m_Mesh: {fileID: 10202, guid: 0000000000000000e000000000000000, type: 0}
--- !u!23 &8887711961019102027
MeshRenderer:
  m_ObjectHideFlags: 0
  m_CorrespondingSourceObject: {fileID: 0}
  m_PrefabInstance: {fileID: 0}
  m_PrefabAsset: {fileID: 0}
  m_GameObject: {fileID: 8887711961019102030}
  m_Enabled: 1
  m_CastShadows: 1
  m_ReceiveShadows: 1
  m_DynamicOccludee: 1
  m_MotionVectors: 1
  m_LightProbeUsage: 1
  m_ReflectionProbeUsage: 1
  m_RayTracingMode: 2
  m_RayTraceProcedural: 0
  m_RenderingLayerMask: 1
  m_RendererPriority: 0
  m_Materials:
  - {fileID: 2100000, guid: a9939464c51a2da41b113f9f96662247, type: 2}
  m_StaticBatchInfo:
    firstSubMesh: 0
    subMeshCount: 0
  m_StaticBatchRoot: {fileID: 0}
  m_ProbeAnchor: {fileID: 0}
  m_LightProbeVolumeOverride: {fileID: 0}
  m_ScaleInLightmap: 1
  m_ReceiveGI: 1
  m_PreserveUVs: 0
  m_IgnoreNormalsForChartDetection: 0
  m_ImportantGI: 0
  m_StitchLightmapSeams: 1
  m_SelectedEditorRenderState: 3
  m_MinimumChartSize: 4
  m_AutoUVMaxDistance: 0.5
  m_AutoUVMaxAngle: 89
  m_LightmapParameters: {fileID: 0}
  m_SortingLayerID: 0
  m_SortingLayer: 0
  m_SortingOrder: 0
  m_AdditionalVertexStreams: {fileID: 0}
--- !u!65 &8887711961019102028
BoxCollider:
  m_ObjectHideFlags: 0
  m_CorrespondingSourceObject: {fileID: 0}
  m_PrefabInstance: {fileID: 0}
  m_PrefabAsset: {fileID: 0}
  m_GameObject: {fileID: 8887711961019102030}
  m_Material: {fileID: 0}
  m_IsTrigger: 0
  m_Enabled: 1
  serializedVersion: 2
  m_Size: {x: 1, y: 1, z: 1}
  m_Center: {x: 0, y: 0, z: 0}
--- !u!1001 &7202490849874404812
PrefabInstance:
  m_ObjectHideFlags: 0
  serializedVersion: 2
  m_Modification:
    m_TransformParent: {fileID: 8887711960133474375}
    m_Modifications:
    - target: {fileID: 2821002831462496642, guid: a4b1cfc160f116f40a6ab70dae7642e5, type: 3}
      propertyPath: m_RootOrder
      value: 7
      objectReference: {fileID: 0}
    - target: {fileID: 2821002831462496642, guid: a4b1cfc160f116f40a6ab70dae7642e5, type: 3}
      propertyPath: m_LocalPosition.x
      value: -3.4699025
      objectReference: {fileID: 0}
    - target: {fileID: 2821002831462496642, guid: a4b1cfc160f116f40a6ab70dae7642e5, type: 3}
      propertyPath: m_LocalPosition.y
      value: -1.979142
      objectReference: {fileID: 0}
    - target: {fileID: 2821002831462496642, guid: a4b1cfc160f116f40a6ab70dae7642e5, type: 3}
      propertyPath: m_LocalPosition.z
      value: 0.058170795
      objectReference: {fileID: 0}
    - target: {fileID: 2821002831462496642, guid: a4b1cfc160f116f40a6ab70dae7642e5, type: 3}
      propertyPath: m_LocalRotation.w
      value: 0.7071068
      objectReference: {fileID: 0}
    - target: {fileID: 2821002831462496642, guid: a4b1cfc160f116f40a6ab70dae7642e5, type: 3}
      propertyPath: m_LocalRotation.x
      value: -0
      objectReference: {fileID: 0}
    - target: {fileID: 2821002831462496642, guid: a4b1cfc160f116f40a6ab70dae7642e5, type: 3}
      propertyPath: m_LocalRotation.y
      value: 0.7071068
      objectReference: {fileID: 0}
    - target: {fileID: 2821002831462496642, guid: a4b1cfc160f116f40a6ab70dae7642e5, type: 3}
      propertyPath: m_LocalRotation.z
      value: -0
      objectReference: {fileID: 0}
    - target: {fileID: 2821002831462496642, guid: a4b1cfc160f116f40a6ab70dae7642e5, type: 3}
      propertyPath: m_LocalEulerAnglesHint.x
      value: 0
      objectReference: {fileID: 0}
    - target: {fileID: 2821002831462496642, guid: a4b1cfc160f116f40a6ab70dae7642e5, type: 3}
      propertyPath: m_LocalEulerAnglesHint.y
      value: 90
      objectReference: {fileID: 0}
    - target: {fileID: 2821002831462496642, guid: a4b1cfc160f116f40a6ab70dae7642e5, type: 3}
      propertyPath: m_LocalEulerAnglesHint.z
      value: 0
      objectReference: {fileID: 0}
    - target: {fileID: 5784561630833835257, guid: a4b1cfc160f116f40a6ab70dae7642e5, type: 3}
      propertyPath: m_Name
      value: RefrigeratorTable
      objectReference: {fileID: 0}
    m_RemovedComponents: []
  m_SourcePrefab: {fileID: 100100000, guid: a4b1cfc160f116f40a6ab70dae7642e5, type: 3}
--- !u!4 &4959118930367126606 stripped
Transform:
  m_CorrespondingSourceObject: {fileID: 2821002831462496642, guid: a4b1cfc160f116f40a6ab70dae7642e5, type: 3}
  m_PrefabInstance: {fileID: 7202490849874404812}
  m_PrefabAsset: {fileID: 0}
--- !u!1001 &7335588062815017953
PrefabInstance:
  m_ObjectHideFlags: 0
  serializedVersion: 2
  m_Modification:
    m_TransformParent: {fileID: 8887711960133474375}
    m_Modifications:
    - target: {fileID: 3466245379750517305, guid: d70cd6d332fab0746952cef4c61810c1, type: 3}
      propertyPath: m_Name
      value: Table
      objectReference: {fileID: 0}
    - target: {fileID: 4274271610861387907, guid: d70cd6d332fab0746952cef4c61810c1, type: 3}
      propertyPath: m_RootOrder
      value: 0
      objectReference: {fileID: 0}
    - target: {fileID: 4274271610861387907, guid: d70cd6d332fab0746952cef4c61810c1, type: 3}
      propertyPath: m_LocalPosition.x
      value: 0.52946913
      objectReference: {fileID: 0}
    - target: {fileID: 4274271610861387907, guid: d70cd6d332fab0746952cef4c61810c1, type: 3}
      propertyPath: m_LocalPosition.y
      value: -1.979142
      objectReference: {fileID: 0}
    - target: {fileID: 4274271610861387907, guid: d70cd6d332fab0746952cef4c61810c1, type: 3}
      propertyPath: m_LocalPosition.z
      value: -5.791829
      objectReference: {fileID: 0}
    - target: {fileID: 4274271610861387907, guid: d70cd6d332fab0746952cef4c61810c1, type: 3}
      propertyPath: m_LocalRotation.w
      value: 1
      objectReference: {fileID: 0}
    - target: {fileID: 4274271610861387907, guid: d70cd6d332fab0746952cef4c61810c1, type: 3}
      propertyPath: m_LocalRotation.x
      value: 0.000000021855694
      objectReference: {fileID: 0}
    - target: {fileID: 4274271610861387907, guid: d70cd6d332fab0746952cef4c61810c1, type: 3}
      propertyPath: m_LocalRotation.y
      value: -0
      objectReference: {fileID: 0}
    - target: {fileID: 4274271610861387907, guid: d70cd6d332fab0746952cef4c61810c1, type: 3}
      propertyPath: m_LocalRotation.z
      value: -0
      objectReference: {fileID: 0}
    - target: {fileID: 4274271610861387907, guid: d70cd6d332fab0746952cef4c61810c1, type: 3}
      propertyPath: m_LocalEulerAnglesHint.x
      value: 0
      objectReference: {fileID: 0}
    - target: {fileID: 4274271610861387907, guid: d70cd6d332fab0746952cef4c61810c1, type: 3}
      propertyPath: m_LocalEulerAnglesHint.y
      value: 0
      objectReference: {fileID: 0}
    - target: {fileID: 4274271610861387907, guid: d70cd6d332fab0746952cef4c61810c1, type: 3}
      propertyPath: m_LocalEulerAnglesHint.z
      value: 0
      objectReference: {fileID: 0}
    m_RemovedComponents: []
  m_SourcePrefab: {fileID: 100100000, guid: d70cd6d332fab0746952cef4c61810c1, type: 3}
--- !u!4 &6817461479848106850 stripped
Transform:
  m_CorrespondingSourceObject: {fileID: 4274271610861387907, guid: d70cd6d332fab0746952cef4c61810c1, type: 3}
  m_PrefabInstance: {fileID: 7335588062815017953}
  m_PrefabAsset: {fileID: 0}
--- !u!1001 &8887711958918048014
PrefabInstance:
  m_ObjectHideFlags: 0
  serializedVersion: 2
  m_Modification:
    m_TransformParent: {fileID: 8887711960133474375}
    m_Modifications:
    - target: {fileID: 2821002831462496642, guid: a4b1cfc160f116f40a6ab70dae7642e5, type: 3}
      propertyPath: m_RootOrder
      value: 8
      objectReference: {fileID: 0}
    - target: {fileID: 2821002831462496642, guid: a4b1cfc160f116f40a6ab70dae7642e5, type: 3}
      propertyPath: m_LocalPosition.x
      value: -3.4699025
      objectReference: {fileID: 0}
    - target: {fileID: 2821002831462496642, guid: a4b1cfc160f116f40a6ab70dae7642e5, type: 3}
      propertyPath: m_LocalPosition.y
      value: -1.979142
      objectReference: {fileID: 0}
    - target: {fileID: 2821002831462496642, guid: a4b1cfc160f116f40a6ab70dae7642e5, type: 3}
      propertyPath: m_LocalPosition.z
      value: -4.191829
      objectReference: {fileID: 0}
    - target: {fileID: 2821002831462496642, guid: a4b1cfc160f116f40a6ab70dae7642e5, type: 3}
      propertyPath: m_LocalRotation.w
      value: 0.7071068
      objectReference: {fileID: 0}
    - target: {fileID: 2821002831462496642, guid: a4b1cfc160f116f40a6ab70dae7642e5, type: 3}
      propertyPath: m_LocalRotation.x
      value: -0
      objectReference: {fileID: 0}
    - target: {fileID: 2821002831462496642, guid: a4b1cfc160f116f40a6ab70dae7642e5, type: 3}
      propertyPath: m_LocalRotation.y
      value: 0.7071068
      objectReference: {fileID: 0}
    - target: {fileID: 2821002831462496642, guid: a4b1cfc160f116f40a6ab70dae7642e5, type: 3}
      propertyPath: m_LocalRotation.z
      value: -0
      objectReference: {fileID: 0}
    - target: {fileID: 2821002831462496642, guid: a4b1cfc160f116f40a6ab70dae7642e5, type: 3}
      propertyPath: m_LocalEulerAnglesHint.x
      value: 0
      objectReference: {fileID: 0}
    - target: {fileID: 2821002831462496642, guid: a4b1cfc160f116f40a6ab70dae7642e5, type: 3}
      propertyPath: m_LocalEulerAnglesHint.y
      value: 90
      objectReference: {fileID: 0}
    - target: {fileID: 2821002831462496642, guid: a4b1cfc160f116f40a6ab70dae7642e5, type: 3}
      propertyPath: m_LocalEulerAnglesHint.z
      value: 0
      objectReference: {fileID: 0}
    - target: {fileID: 5784561630833835257, guid: a4b1cfc160f116f40a6ab70dae7642e5, type: 3}
      propertyPath: m_Name
      value: RefrigeratorTable (1)
      objectReference: {fileID: 0}
    m_RemovedComponents: []
  m_SourcePrefab: {fileID: 100100000, guid: a4b1cfc160f116f40a6ab70dae7642e5, type: 3}
--- !u!1 &3103431869706360311 stripped
GameObject:
  m_CorrespondingSourceObject: {fileID: 5784561630833835257, guid: a4b1cfc160f116f40a6ab70dae7642e5, type: 3}
  m_PrefabInstance: {fileID: 8887711958918048014}
  m_PrefabAsset: {fileID: 0}
--- !u!4 &6661186485837648012 stripped
Transform:
  m_CorrespondingSourceObject: {fileID: 2821002831462496642, guid: a4b1cfc160f116f40a6ab70dae7642e5, type: 3}
  m_PrefabInstance: {fileID: 8887711958918048014}
  m_PrefabAsset: {fileID: 0}
--- !u!65 &8887711958918048012
BoxCollider:
  m_ObjectHideFlags: 0
  m_CorrespondingSourceObject: {fileID: 0}
  m_PrefabInstance: {fileID: 0}
  m_PrefabAsset: {fileID: 0}
  m_GameObject: {fileID: 3103431869706360311}
  m_Material: {fileID: 0}
  m_IsTrigger: 0
  m_Enabled: 1
  serializedVersion: 2
  m_Size: {x: 2, y: 1, z: 1}
  m_Center: {x: 0, y: 0, z: 0}
--- !u!1001 &8887711959511530365
PrefabInstance:
  m_ObjectHideFlags: 0
  serializedVersion: 2
  m_Modification:
    m_TransformParent: {fileID: 8887711960133474375}
    m_Modifications:
    - target: {fileID: 3466245379750517305, guid: d70cd6d332fab0746952cef4c61810c1, type: 3}
      propertyPath: m_Name
      value: Table (2)
      objectReference: {fileID: 0}
    - target: {fileID: 4274271610861387907, guid: d70cd6d332fab0746952cef4c61810c1, type: 3}
      propertyPath: m_RootOrder
      value: 2
      objectReference: {fileID: 0}
    - target: {fileID: 4274271610861387907, guid: d70cd6d332fab0746952cef4c61810c1, type: 3}
      propertyPath: m_LocalPosition.x
      value: -3.470531
      objectReference: {fileID: 0}
    - target: {fileID: 4274271610861387907, guid: d70cd6d332fab0746952cef4c61810c1, type: 3}
      propertyPath: m_LocalPosition.y
      value: -1.979142
      objectReference: {fileID: 0}
    - target: {fileID: 4274271610861387907, guid: d70cd6d332fab0746952cef4c61810c1, type: 3}
      propertyPath: m_LocalPosition.z
      value: -2.041829
      objectReference: {fileID: 0}
    - target: {fileID: 4274271610861387907, guid: d70cd6d332fab0746952cef4c61810c1, type: 3}
      propertyPath: m_LocalRotation.w
      value: 0.7071068
      objectReference: {fileID: 0}
    - target: {fileID: 4274271610861387907, guid: d70cd6d332fab0746952cef4c61810c1, type: 3}
      propertyPath: m_LocalRotation.x
      value: -0
      objectReference: {fileID: 0}
    - target: {fileID: 4274271610861387907, guid: d70cd6d332fab0746952cef4c61810c1, type: 3}
      propertyPath: m_LocalRotation.y
      value: 0.7071068
      objectReference: {fileID: 0}
    - target: {fileID: 4274271610861387907, guid: d70cd6d332fab0746952cef4c61810c1, type: 3}
      propertyPath: m_LocalRotation.z
      value: -0
      objectReference: {fileID: 0}
    - target: {fileID: 4274271610861387907, guid: d70cd6d332fab0746952cef4c61810c1, type: 3}
      propertyPath: m_LocalEulerAnglesHint.x
      value: 0
      objectReference: {fileID: 0}
    - target: {fileID: 4274271610861387907, guid: d70cd6d332fab0746952cef4c61810c1, type: 3}
      propertyPath: m_LocalEulerAnglesHint.y
      value: 90
      objectReference: {fileID: 0}
    - target: {fileID: 4274271610861387907, guid: d70cd6d332fab0746952cef4c61810c1, type: 3}
      propertyPath: m_LocalEulerAnglesHint.z
      value: 0
      objectReference: {fileID: 0}
    m_RemovedComponents: []
  m_SourcePrefab: {fileID: 100100000, guid: d70cd6d332fab0746952cef4c61810c1, type: 3}
--- !u!4 &4613442567344946174 stripped
Transform:
  m_CorrespondingSourceObject: {fileID: 4274271610861387907, guid: d70cd6d332fab0746952cef4c61810c1, type: 3}
  m_PrefabInstance: {fileID: 8887711959511530365}
  m_PrefabAsset: {fileID: 0}
--- !u!1001 &8887711960555357264
PrefabInstance:
  m_ObjectHideFlags: 0
  serializedVersion: 2
  m_Modification:
    m_TransformParent: {fileID: 8887711960133474375}
    m_Modifications:
    - target: {fileID: 3466245379750517305, guid: d70cd6d332fab0746952cef4c61810c1, type: 3}
      propertyPath: m_Name
      value: Table (6)
      objectReference: {fileID: 0}
    - target: {fileID: 4274271610861387907, guid: d70cd6d332fab0746952cef4c61810c1, type: 3}
      propertyPath: m_RootOrder
      value: 6
      objectReference: {fileID: 0}
    - target: {fileID: 4274271610861387907, guid: d70cd6d332fab0746952cef4c61810c1, type: 3}
      propertyPath: m_LocalPosition.x
      value: 2.529469
      objectReference: {fileID: 0}
    - target: {fileID: 4274271610861387907, guid: d70cd6d332fab0746952cef4c61810c1, type: 3}
      propertyPath: m_LocalPosition.y
      value: -1.979142
      objectReference: {fileID: 0}
    - target: {fileID: 4274271610861387907, guid: d70cd6d332fab0746952cef4c61810c1, type: 3}
      propertyPath: m_LocalPosition.z
      value: -1.3548291
      objectReference: {fileID: 0}
    - target: {fileID: 4274271610861387907, guid: d70cd6d332fab0746952cef4c61810c1, type: 3}
      propertyPath: m_LocalRotation.w
      value: 1
      objectReference: {fileID: 0}
    - target: {fileID: 4274271610861387907, guid: d70cd6d332fab0746952cef4c61810c1, type: 3}
      propertyPath: m_LocalRotation.x
      value: 0.000000021855694
      objectReference: {fileID: 0}
    - target: {fileID: 4274271610861387907, guid: d70cd6d332fab0746952cef4c61810c1, type: 3}
      propertyPath: m_LocalRotation.y
      value: -0
      objectReference: {fileID: 0}
    - target: {fileID: 4274271610861387907, guid: d70cd6d332fab0746952cef4c61810c1, type: 3}
      propertyPath: m_LocalRotation.z
      value: -0
      objectReference: {fileID: 0}
    - target: {fileID: 4274271610861387907, guid: d70cd6d332fab0746952cef4c61810c1, type: 3}
      propertyPath: m_LocalEulerAnglesHint.x
      value: 0
      objectReference: {fileID: 0}
    - target: {fileID: 4274271610861387907, guid: d70cd6d332fab0746952cef4c61810c1, type: 3}
      propertyPath: m_LocalEulerAnglesHint.y
      value: 0
      objectReference: {fileID: 0}
    - target: {fileID: 4274271610861387907, guid: d70cd6d332fab0746952cef4c61810c1, type: 3}
      propertyPath: m_LocalEulerAnglesHint.z
      value: 0
      objectReference: {fileID: 0}
    m_RemovedComponents: []
  m_SourcePrefab: {fileID: 100100000, guid: d70cd6d332fab0746952cef4c61810c1, type: 3}
--- !u!4 &4613442566301058259 stripped
Transform:
  m_CorrespondingSourceObject: {fileID: 4274271610861387907, guid: d70cd6d332fab0746952cef4c61810c1, type: 3}
  m_PrefabInstance: {fileID: 8887711960555357264}
  m_PrefabAsset: {fileID: 0}
--- !u!1001 &8887711960622332721
PrefabInstance:
  m_ObjectHideFlags: 0
  serializedVersion: 2
  m_Modification:
    m_TransformParent: {fileID: 8887711960133474375}
    m_Modifications:
    - target: {fileID: 3466245379750517305, guid: d70cd6d332fab0746952cef4c61810c1, type: 3}
      propertyPath: m_Name
      value: Table (1)
      objectReference: {fileID: 0}
    - target: {fileID: 4274271610861387907, guid: d70cd6d332fab0746952cef4c61810c1, type: 3}
      propertyPath: m_RootOrder
      value: 1
      objectReference: {fileID: 0}
    - target: {fileID: 4274271610861387907, guid: d70cd6d332fab0746952cef4c61810c1, type: 3}
      propertyPath: m_LocalPosition.x
      value: -2.970531
      objectReference: {fileID: 0}
    - target: {fileID: 4274271610861387907, guid: d70cd6d332fab0746952cef4c61810c1, type: 3}
      propertyPath: m_LocalPosition.y
      value: -1.979142
      objectReference: {fileID: 0}
    - target: {fileID: 4274271610861387907, guid: d70cd6d332fab0746952cef4c61810c1, type: 3}
      propertyPath: m_LocalPosition.z
      value: -5.791829
      objectReference: {fileID: 0}
    - target: {fileID: 4274271610861387907, guid: d70cd6d332fab0746952cef4c61810c1, type: 3}
      propertyPath: m_LocalRotation.w
      value: 1
      objectReference: {fileID: 0}
    - target: {fileID: 4274271610861387907, guid: d70cd6d332fab0746952cef4c61810c1, type: 3}
      propertyPath: m_LocalRotation.x
      value: 0.000000021855694
      objectReference: {fileID: 0}
    - target: {fileID: 4274271610861387907, guid: d70cd6d332fab0746952cef4c61810c1, type: 3}
      propertyPath: m_LocalRotation.y
      value: -0
      objectReference: {fileID: 0}
    - target: {fileID: 4274271610861387907, guid: d70cd6d332fab0746952cef4c61810c1, type: 3}
      propertyPath: m_LocalRotation.z
      value: -0
      objectReference: {fileID: 0}
    - target: {fileID: 4274271610861387907, guid: d70cd6d332fab0746952cef4c61810c1, type: 3}
      propertyPath: m_LocalEulerAnglesHint.x
      value: 0
      objectReference: {fileID: 0}
    - target: {fileID: 4274271610861387907, guid: d70cd6d332fab0746952cef4c61810c1, type: 3}
      propertyPath: m_LocalEulerAnglesHint.y
      value: 0
      objectReference: {fileID: 0}
    - target: {fileID: 4274271610861387907, guid: d70cd6d332fab0746952cef4c61810c1, type: 3}
      propertyPath: m_LocalEulerAnglesHint.z
      value: 0
      objectReference: {fileID: 0}
    m_RemovedComponents: []
  m_SourcePrefab: {fileID: 100100000, guid: d70cd6d332fab0746952cef4c61810c1, type: 3}
--- !u!4 &4613442566234078130 stripped
Transform:
  m_CorrespondingSourceObject: {fileID: 4274271610861387907, guid: d70cd6d332fab0746952cef4c61810c1, type: 3}
  m_PrefabInstance: {fileID: 8887711960622332721}
  m_PrefabAsset: {fileID: 0}
--- !u!1001 &8887711960713931003
PrefabInstance:
  m_ObjectHideFlags: 0
  serializedVersion: 2
  m_Modification:
    m_TransformParent: {fileID: 8887711960133474375}
    m_Modifications:
    - target: {fileID: 3466245379750517305, guid: d70cd6d332fab0746952cef4c61810c1, type: 3}
      propertyPath: m_Name
      value: Table (4)
      objectReference: {fileID: 0}
    - target: {fileID: 4274271610861387907, guid: d70cd6d332fab0746952cef4c61810c1, type: 3}
      propertyPath: m_RootOrder
      value: 4
      objectReference: {fileID: 0}
    - target: {fileID: 4274271610861387907, guid: d70cd6d332fab0746952cef4c61810c1, type: 3}
      propertyPath: m_LocalPosition.x
      value: 0.52946913
      objectReference: {fileID: 0}
    - target: {fileID: 4274271610861387907, guid: d70cd6d332fab0746952cef4c61810c1, type: 3}
      propertyPath: m_LocalPosition.y
      value: -1.979142
      objectReference: {fileID: 0}
    - target: {fileID: 4274271610861387907, guid: d70cd6d332fab0746952cef4c61810c1, type: 3}
      propertyPath: m_LocalPosition.z
      value: -1.3548291
      objectReference: {fileID: 0}
    - target: {fileID: 4274271610861387907, guid: d70cd6d332fab0746952cef4c61810c1, type: 3}
      propertyPath: m_LocalRotation.w
      value: 1
      objectReference: {fileID: 0}
    - target: {fileID: 4274271610861387907, guid: d70cd6d332fab0746952cef4c61810c1, type: 3}
      propertyPath: m_LocalRotation.x
      value: 0.000000021855694
      objectReference: {fileID: 0}
    - target: {fileID: 4274271610861387907, guid: d70cd6d332fab0746952cef4c61810c1, type: 3}
      propertyPath: m_LocalRotation.y
      value: -0
      objectReference: {fileID: 0}
    - target: {fileID: 4274271610861387907, guid: d70cd6d332fab0746952cef4c61810c1, type: 3}
      propertyPath: m_LocalRotation.z
      value: -0
      objectReference: {fileID: 0}
    - target: {fileID: 4274271610861387907, guid: d70cd6d332fab0746952cef4c61810c1, type: 3}
      propertyPath: m_LocalEulerAnglesHint.x
      value: 0
      objectReference: {fileID: 0}
    - target: {fileID: 4274271610861387907, guid: d70cd6d332fab0746952cef4c61810c1, type: 3}
      propertyPath: m_LocalEulerAnglesHint.y
      value: 0
      objectReference: {fileID: 0}
    - target: {fileID: 4274271610861387907, guid: d70cd6d332fab0746952cef4c61810c1, type: 3}
      propertyPath: m_LocalEulerAnglesHint.z
      value: 0
      objectReference: {fileID: 0}
    m_RemovedComponents: []
  m_SourcePrefab: {fileID: 100100000, guid: d70cd6d332fab0746952cef4c61810c1, type: 3}
--- !u!4 &4613442566144534648 stripped
Transform:
  m_CorrespondingSourceObject: {fileID: 4274271610861387907, guid: d70cd6d332fab0746952cef4c61810c1, type: 3}
  m_PrefabInstance: {fileID: 8887711960713931003}
  m_PrefabAsset: {fileID: 0}
--- !u!1001 &8887711960727698139
PrefabInstance:
  m_ObjectHideFlags: 0
  serializedVersion: 2
  m_Modification:
    m_TransformParent: {fileID: 8887711960133474375}
    m_Modifications:
    - target: {fileID: 3466245379750517305, guid: d70cd6d332fab0746952cef4c61810c1, type: 3}
      propertyPath: m_Name
      value: Table (5)
      objectReference: {fileID: 0}
    - target: {fileID: 4274271610861387907, guid: d70cd6d332fab0746952cef4c61810c1, type: 3}
      propertyPath: m_RootOrder
      value: 5
      objectReference: {fileID: 0}
    - target: {fileID: 4274271610861387907, guid: d70cd6d332fab0746952cef4c61810c1, type: 3}
      propertyPath: m_LocalPosition.x
      value: 2.529469
      objectReference: {fileID: 0}
    - target: {fileID: 4274271610861387907, guid: d70cd6d332fab0746952cef4c61810c1, type: 3}
      propertyPath: m_LocalPosition.y
      value: -1.979142
      objectReference: {fileID: 0}
    - target: {fileID: 4274271610861387907, guid: d70cd6d332fab0746952cef4c61810c1, type: 3}
      propertyPath: m_LocalPosition.z
      value: -2.291829
      objectReference: {fileID: 0}
    - target: {fileID: 4274271610861387907, guid: d70cd6d332fab0746952cef4c61810c1, type: 3}
      propertyPath: m_LocalRotation.w
      value: 1
      objectReference: {fileID: 0}
    - target: {fileID: 4274271610861387907, guid: d70cd6d332fab0746952cef4c61810c1, type: 3}
      propertyPath: m_LocalRotation.x
      value: 0.000000021855694
      objectReference: {fileID: 0}
    - target: {fileID: 4274271610861387907, guid: d70cd6d332fab0746952cef4c61810c1, type: 3}
      propertyPath: m_LocalRotation.y
      value: -0
      objectReference: {fileID: 0}
    - target: {fileID: 4274271610861387907, guid: d70cd6d332fab0746952cef4c61810c1, type: 3}
      propertyPath: m_LocalRotation.z
      value: -0
      objectReference: {fileID: 0}
    - target: {fileID: 4274271610861387907, guid: d70cd6d332fab0746952cef4c61810c1, type: 3}
      propertyPath: m_LocalEulerAnglesHint.x
      value: 0
      objectReference: {fileID: 0}
    - target: {fileID: 4274271610861387907, guid: d70cd6d332fab0746952cef4c61810c1, type: 3}
      propertyPath: m_LocalEulerAnglesHint.y
      value: 0
      objectReference: {fileID: 0}
    - target: {fileID: 4274271610861387907, guid: d70cd6d332fab0746952cef4c61810c1, type: 3}
      propertyPath: m_LocalEulerAnglesHint.z
      value: 0
      objectReference: {fileID: 0}
    m_RemovedComponents: []
  m_SourcePrefab: {fileID: 100100000, guid: d70cd6d332fab0746952cef4c61810c1, type: 3}
--- !u!4 &4613442566162233944 stripped
Transform:
  m_CorrespondingSourceObject: {fileID: 4274271610861387907, guid: d70cd6d332fab0746952cef4c61810c1, type: 3}
  m_PrefabInstance: {fileID: 8887711960727698139}
  m_PrefabAsset: {fileID: 0}
--- !u!1001 &8887711960743199506
PrefabInstance:
  m_ObjectHideFlags: 0
  serializedVersion: 2
  m_Modification:
    m_TransformParent: {fileID: 8887711960133474375}
    m_Modifications:
    - target: {fileID: 3466245379750517305, guid: d70cd6d332fab0746952cef4c61810c1, type: 3}
      propertyPath: m_Name
      value: Table (3)
      objectReference: {fileID: 0}
    - target: {fileID: 4274271610861387907, guid: d70cd6d332fab0746952cef4c61810c1, type: 3}
      propertyPath: m_RootOrder
      value: 3
      objectReference: {fileID: 0}
    - target: {fileID: 4274271610861387907, guid: d70cd6d332fab0746952cef4c61810c1, type: 3}
      propertyPath: m_LocalPosition.x
      value: 0.52946913
      objectReference: {fileID: 0}
    - target: {fileID: 4274271610861387907, guid: d70cd6d332fab0746952cef4c61810c1, type: 3}
      propertyPath: m_LocalPosition.y
      value: -1.979142
      objectReference: {fileID: 0}
    - target: {fileID: 4274271610861387907, guid: d70cd6d332fab0746952cef4c61810c1, type: 3}
      propertyPath: m_LocalPosition.z
      value: -2.291829
      objectReference: {fileID: 0}
    - target: {fileID: 4274271610861387907, guid: d70cd6d332fab0746952cef4c61810c1, type: 3}
      propertyPath: m_LocalRotation.w
      value: 1
      objectReference: {fileID: 0}
    - target: {fileID: 4274271610861387907, guid: d70cd6d332fab0746952cef4c61810c1, type: 3}
      propertyPath: m_LocalRotation.x
      value: 0.000000021855694
      objectReference: {fileID: 0}
    - target: {fileID: 4274271610861387907, guid: d70cd6d332fab0746952cef4c61810c1, type: 3}
      propertyPath: m_LocalRotation.y
      value: -0
      objectReference: {fileID: 0}
    - target: {fileID: 4274271610861387907, guid: d70cd6d332fab0746952cef4c61810c1, type: 3}
      propertyPath: m_LocalRotation.z
      value: -0
      objectReference: {fileID: 0}
    - target: {fileID: 4274271610861387907, guid: d70cd6d332fab0746952cef4c61810c1, type: 3}
      propertyPath: m_LocalEulerAnglesHint.x
      value: 0
      objectReference: {fileID: 0}
    - target: {fileID: 4274271610861387907, guid: d70cd6d332fab0746952cef4c61810c1, type: 3}
      propertyPath: m_LocalEulerAnglesHint.y
      value: 0
      objectReference: {fileID: 0}
    - target: {fileID: 4274271610861387907, guid: d70cd6d332fab0746952cef4c61810c1, type: 3}
      propertyPath: m_LocalEulerAnglesHint.z
      value: 0
      objectReference: {fileID: 0}
    m_RemovedComponents: []
  m_SourcePrefab: {fileID: 100100000, guid: d70cd6d332fab0746952cef4c61810c1, type: 3}
--- !u!4 &4613442566115345297 stripped
Transform:
  m_CorrespondingSourceObject: {fileID: 4274271610861387907, guid: d70cd6d332fab0746952cef4c61810c1, type: 3}
  m_PrefabInstance: {fileID: 8887711960743199506}
  m_PrefabAsset: {fileID: 0}
